@article{10.13106/JAFEB.2020.VOL7.NO10.433,
  author    = {ARHAMMuhammad Amir and HATURauf},
  title     = {Does Village Fund Transfer Address the Issue of Inequality and Poverty? A Lesson from Indonesia},
  journal   = {The Journal of Asian Finance, Economics and Business},
  publisher = {Korea Distribution Science Association},
  volume    = {7},
  number    = {10},
  pages     = {433-442}
  year      = 2020,
  month     = 10
}
