

@article{EMM21,
	author = {Erik Eyster and Kristof Madarasz and Pascal Michaillat},
	doi = {10.1093/jeea/jvaa041},
	journal = {Journal of the European Economic Association},
	number = {3},
	pages = {1853--1898},
	title = {Pricing under Fairness Concerns},
	volume = {19},
	year = {2021}}

@article{MS21a,
	author = {Pascal Michaillat and Emmanuel Saez},
	doi = {10.1162/rest_a_00893},
	journal = {Review of Economics and Statistics},
	number = {2},
	pages = {197--215},
	title = {Resolving {N}ew {K}eynesian Anomalies with Wealth in the Utility Function},
	volume = {103},
	year = {2021}}

@article{LMS18a,
	author = {Camille Landais and Pascal Michaillat and Emmanuel Saez},
	doi = {10.1257/pol.20150088},
	journal = {American Economic Journal: Economic Policy},
	number = {2},
	pages = {152--181},
	title = {A Macroeconomic Approach to Optimal Unemployment Insurance: Theory},
	volume = {10},
	year = {2018}}

@article{LMS18b,
	author = {Camille Landais and Pascal Michaillat and Emmanuel Saez},
	doi = {10.1257/pol.20160462},
	journal = {American Economic Journal: Economic Policy},
	number = {2},
	pages = {182--216},
	title = {A Macroeconomic Approach to Optimal Unemployment Insurance: Applications},
	volume = {10},
	year = {2018}}

@article{M12,
	author = {Pascal Michaillat},
	doi = {10.1257/aer.102.4.1721},
	journal = {American Economic Review},
	number = {4},
	pages = {1721--1750},
	title = {Do Matching Frictions Explain Unemployment? Not in Bad Times},
	volume = {102},
	year = {2012}}

@article{M14,
	author = {Pascal Michaillat},
	doi = {10.1257/mac.6.1.190},
	journal = {American Economic Journal: Macroeconomics},
	number = {1},
	pages = {190--217},
	title = {A Theory of Countercyclical Government Multiplier},
	volume = {6},
	year = {2014}}

@article{MS15,
	author = {Pascal Michaillat and Emmanuel Saez},
	doi = {10.1093/qje/qjv006},
	journal = {Quarterly Journal of Economics},
	number = {2},
	pages = {507--569},
	title = {Aggregate Demand, Idle Time, and Unemployment},
	volume = {130},
	year = {2015}}

@article{MS22a,
	author = {Pascal Michaillat and Emmanuel Saez},
	doi = {10.1093/oep/gpab021},
	journal = {Oxford Economic Papers},
	number = {2},
	pages = {382--411},
	title = {An Economical Business-Cycle Model},
	volume = {74},
	year = {2022}}
	
@unpublished{MS22b,
	author = {Pascal Michaillat and Emmanuel Saez},
	doi = {10.48550/arXiv.2206.13012},
	note = {arXiv:2206.13012},
	title = {$u^* = \sqrt{uv}$},
	year = {2022}}

@article{MS19,
	author = {Pascal Michaillat and Emmanuel Saez},
	doi = {10.1093/restud/rdy030},
	journal = {Review of Economic Studies},
	number = {3},
	pages = {1301--1331},
	title = {Optimal Public Expenditure with Inefficient Unemployment},
	volume = {86},
	year = {2019}}

@article{MS21b,
	author = {Pascal Michaillat and Emmanuel Saez},
	doi = {10.1016/j.pubecp.2021.100009},
	journal = {Journal of Public Economics Plus},
	pages = {100009},
	title = {Beveridgean Unemployment Gap},
	volume = {2},
	year = {2021}}

@article{sandee_2016,
author = {Sandee, Henry},
title = {Improving Connectivity in Indonesia: The Challenges of Better Infrastructure, Better Regulations, and Better Coordination},
journal = {Asian Economic Policy Review},
volume = {11},
number = {2},
pages = {222-238},
keywords = {connectivity, infrastructure, logistics, policy coordination, regulatory reform, F6, H4, H5, I9, O2, R4},
doi = {https://doi.org/10.1111/aepr.12138},
url = {https://onlinelibrary.wiley.com/doi/abs/10.1111/aepr.12138},
eprint = {https://onlinelibrary.wiley.com/doi/pdf/10.1111/aepr.12138},
year = {2016}
}

@unpublished{pwc_2016, title={Indonesian Infrastructure: Stable foundations for growth}, note={Available at: \url{https://www.pwc.com/id/en/cpi/asset/indonesian-infrastructure-stable-foundations-for-growth.pdf}. \\ Accessed March 23, 2023}, urldate={2023-03-23}, publisher={PricewaterhouseCoopers}, author={Smith, Julian and Satar, Rizal and Wiryawan, Agung and Boothman, Tim and Harrison, Graeme}, year={2016}}

@unpublished{kpmg_2019, title={Indonesia's bold infrastructure plan}, note={Available at: \url{https://kpmg.com/xx/en/home/insights/2019/10/indonesia-bold-infrastructure-plan.html}. \\ Accessed March 23, 2023}, journal={Where will the investment go}, publisher={KPMG}, author={Utomo, Wahyu}, year={2019}} 

@article{vazquez_2017,
author = {Martinez-Vazquez, Jorge and Lago-Pe√±as, Santiago and Sacchi, Agnese},
title = {The Impact of Fiscal Decentralization: A Survey},
journal = {Journal of Economic Surveys},
volume = {31},
number = {4},
pages = {1095-1129},
keywords = {Corruption, Economic growth, Politics, Fiscal federalism, Income inequality, Macroeconomic stability, Political decentralization, Service delivery, Sub-national governments, Tax morale},
doi = {https://doi.org/10.1111/joes.12182},
url = {https://onlinelibrary.wiley.com/doi/abs/10.1111/joes.12182},
year = {2017}
}

@Article{hartojo_2022,
AUTHOR = {Hartojo, Nurlatifah and Ikhsan, Mohamad and Dartanto, Teguh and Sumarto, Sudarno},
TITLE = {A Growing Light in the Lagging Region in Indonesia: The Impact of Village Fund on Rural Economic Growth},
JOURNAL = {Economies},
VOLUME = {10},
YEAR = {2022},
NUMBER = {9},
ARTICLE-NUMBER = {217},
URL = {https://www.mdpi.com/2227-7099/10/9/217},
ISSN = {2227-7099},
DOI = {10.3390/economies10090217}
}

@article{fitriyani_2018,
	author = {Lita Fitriyani and Marita Marita and Windyastuti Windyastuti and Ridho Nurahman},
	title = {Determinants of Village Fund Allocation},
	journal = {Jurnal Akuntansi Multiparadigma},
	volume = {9},
	number = {3},
	year = {2018},
	keywords = {transparency; accountability; performance},
	issn = {2089-5879},
    pages = {526--539},
    doi = {10.18202/jamal.2018.04.9031},
	url = {https://jamal.ub.ac.id/index.php/jamal/article/view/1062}
}


@article{arham_2020,
  author    = {ARHAM Muhammad Amir and HATU Rauf},
  title     = {Does Village Fund Transfer Address the Issue of Inequality and Poverty? A Lesson from Indonesia},
  journal   = {The Journal of Asian Finance, Economics and Business},
  publisher = {Korea Distribution Science Association},
  volume    = {7},
  number    = {10},
  pages     = {433-442},
  year      = 2020,
  month     = 10
}


